<?xml version="1.0" encoding="UTF-8"?><collection xmlns="http://www.loc.gov/MARC21/slim"><record><leader>00390nam--2200157-i-4500</leader><controlfield tag="001">000045534</controlfield><controlfield tag="002">20161230</controlfield><controlfield tag="005">20170105164928</controlfield><controlfield tag="008">060222s1000------------r-----000-0-eng-d</controlfield><datafield ind1=" " ind2=" " tag="100"><subfield code="a">Trigg, George L</subfield></datafield><datafield ind1=" " ind2=" " tag="245"><subfield code="a">Quantum mechanics</subfield></datafield><datafield ind1=" " ind2=" " tag="260"><subfield code="a">New York</subfield><subfield code="b">D.Van Nostrand Co.Inc</subfield><subfield code="c">1954</subfield></datafield><datafield ind1=" " ind2=" " tag="300"><subfield code="a">XII + 395 p</subfield></datafield><datafield ind1=" " ind2=" " tag="490"><subfield code="a">Ukjniv.Ph.Series</subfield></datafield><datafield ind1=" " ind2=" " tag="852"><subfield code="a">29428</subfield></datafield><datafield ind1=" " ind2=" " tag="CAT"><subfield code="a">SYS</subfield><subfield code="c">20170105</subfield><subfield code="h">164928</subfield></datafield></record></collection>